<record xmlns="http://www.loc.gov/MARC21/slim" xmlns:xsi="http://www.w3.org/2001/XMLSchema-instance" xsi:schemaLocation="http://www.loc.gov/MARC21/slim http://www.loc.gov/standards/marcxml/schema/MARC21slim.xsd"><leader>00037nz   2200037n  4500</leader><controlfield tag="001">DNB|100534457</controlfield><controlfield tag="003">DNB</controlfield><controlfield tag="005">20080405161405.0</controlfield><controlfield tag="008">900616n||aznnnabbn           | aaa    |c</controlfield><datafield ind1=" " ind2=" " tag="035"><subfield code="a">(DE-101)100534457</subfield></datafield><datafield ind1=" " ind2=" " tag="035"><subfield code="a">(DE-588a)100534457</subfield></datafield><datafield ind1=" " ind2=" " tag="040"><subfield code="a">DE-12</subfield><subfield code="b">ger</subfield><subfield code="c">DE-101</subfield><subfield code="e">rakwb</subfield><subfield code="d">9999</subfield></datafield><datafield ind1=" " ind2=" " tag="079"><subfield code="a">p</subfield><subfield code="q">f</subfield><subfield code="q">p</subfield><subfield code="t">12</subfield><subfield code="t">7</subfield><subfield code="t">12-PAN</subfield></datafield><datafield ind1="0" ind2=" " tag="100"><subfield code="a">Myrtis</subfield><subfield code="c">Lyrica</subfield><subfield code="d">5. Jh. v. Chr.</subfield></datafield><datafield ind1="0" ind2=" " tag="400"><subfield code="a">Myrtis</subfield><subfield code="d">5. Jh. v. Chr.</subfield></datafield><datafield ind1="0" ind2=" " tag="400"><subfield code="a">Myrtis</subfield><subfield code="c">von Anthedon</subfield><subfield code="d">5. Jh. v. Chr.</subfield></datafield><datafield ind1="0" ind2=" " tag="400"><subfield code="a">Myrtis</subfield><subfield code="c">Dichterin</subfield><subfield code="d">5. Jh. v. Chr.</subfield></datafield><datafield ind1="0" ind2=" " tag="400"><subfield code="a">Mirtide</subfield><subfield code="c">di Antedone</subfield><subfield code="d">5. Jh. v. Chr.</subfield></datafield><datafield ind1="0" ind2=" " tag="400"><subfield code="a">Mirtide</subfield><subfield code="c">Poetessa</subfield><subfield code="d">5. Jh. v. Chr.</subfield></datafield><datafield ind1=" " ind2=" " tag="549"><subfield code="w">i</subfield><subfield code="i">Lebensdaten</subfield><subfield code="a">5. Jh. v. Chr.</subfield></datafield><datafield ind1=" " ind2=" " tag="692"><subfield code="a">Myrtis: Myrtidis Anthedoniae carmina. - 1734 [i.e. 1735]</subfield></datafield><datafield ind1=" " ind2=" " tag="692"><subfield code="a">Sappho: Fragmenta et Elogia. - 1735</subfield></datafield><datafield ind1=" " ind2=" " tag="692"><subfield code="a">Sappho: Novem illustrium foeminarum fragmenta [et] elogia. - 1735</subfield></datafield><datafield ind1=" " ind2=" " tag="910"><subfield code="a">fragmenta et elogia</subfield><subfield code="9">1</subfield></datafield><datafield ind1=" " ind2=" " tag="910"><subfield code="a">myrtidis anthedoniae carmina 1734 i e 1735</subfield><subfield code="9">1</subfield></datafield><datafield ind1=" " ind2=" " tag="910"><subfield code="a">novem illustrium foeminarum fragmenta et elogia</subfield><subfield code="9">1</subfield></datafield><datafield ind1=" " ind2=" " tag="943"><subfield code="a">173x</subfield><subfield code="9">1</subfield></datafield><datafield ind1=" " ind2=" " tag="950"><subfield code="a">sappho</subfield><subfield code="9">1</subfield></datafield><datafield ind1=" " ind2=" " tag="997"><subfield code="a">-400 0 flourished 0 0</subfield><subfield code="9">1</subfield></datafield></record>